<?xml version="1.0" encoding="UTF-8"?><collection xmlns="http://www.loc.gov/MARC21/slim"><record><leader>00514nam--2200193-i-4500</leader><controlfield tag="001">000013497</controlfield><controlfield tag="002">20161230</controlfield><controlfield tag="005">20161230201030</controlfield><controlfield tag="008">060222s1000------------r-----000-0-fre-d</controlfield><datafield ind1=" " ind2=" " tag="040"><subfield code="a">IFIN-HH</subfield></datafield><datafield ind1=" " ind2=" " tag="041"><subfield code="a">fre</subfield></datafield><datafield ind1=" " ind2=" " tag="080"><subfield code="a">532</subfield></datafield><datafield ind1="1" ind2=" " tag="100"><subfield code="a">Comolet, R</subfield></datafield><datafield ind1="1" ind2="0" tag="245"><subfield code="a">Mecanique experimentale des fluies</subfield><subfield code="b">Statique et dynamique des fluides non visqueu</subfield></datafield><datafield ind1=" " ind2=" " tag="250"><subfield code="a">Troisieme Edition. Revue Et Corrigee</subfield></datafield><datafield ind1=" " ind2=" " tag="260"><subfield code="a">Paris, Masson, 1979</subfield></datafield><datafield ind1=" " ind2=" " tag="300"><subfield code="a">240 P</subfield></datafield><datafield ind1=" " ind2=" " tag="852"><subfield code="a">48840</subfield><subfield code="c">532</subfield></datafield><datafield ind1=" " ind2=" " tag="CAT"><subfield code="a">Sys</subfield><subfield code="c">20100722</subfield><subfield code="h">101622</subfield></datafield></record></collection>